@article{nft1,
  title={\$69 million for digital art? The NFT craze explained},
  author={Dean, Sam},
  url={https://www.latimes.com/business/technology/story/2021-03-11/nft-explainer-crypto-trading-collectible},
  year={2021},
  journal={Los Angeles Times}
}
@article{nft2,
  title={Non-fungible token},
  author={Wikipedia},
  url={https://en.wikipedia.org/wiki/Non-fungible_token},
	year={2021},
	journal={Wikipedia}
}
@article{nft3,
  title={Beeple sold an NFT for \$69 million},
  author={Kastrenakes, Jacob},
  url={https://www.theverge.com/2021/3/11/22325054/beeple-christies-nft-sale-cost-everydays-69-million},
	year={2021},
	journal={The Verge}
}
@article{require1,
  title={Desktop vs Mobile vs Tablet Market Share Worldwide},
  author={StatCounter},
  url={https://gs.statcounter.com/platform-market-share/desktop-mobile-tablet},
	year={2021},
	journal={StatCounter}
}
